@inproceedings{raina2007,
  title={Self-taught learning: transfer learning from unlabeled data},
  author={Raina, Rajat and Battle, Alexis and Lee, Honglak and Packer, Benjamin and Ng, Andrew Y},
  booktitle={Proceedings of the 24th international conference on Machine learning},
  pages={759--766},
  year={2007},
  organization={ACM}
}
@inproceedings{deng2009,
  title={Imagenet: A large-scale hierarchical image database},
  author={Deng, Jia and Dong, Wei and Socher, Richard and Li, Li-Jia and Li, Kai and Fei-Fei, Li},
  booktitle={Computer Vision and Pattern Recognition, 2009. CVPR 2009. IEEE Conference on},
  pages={248--255},
  year={2009},
  organization={IEEE}
}
@inproceedings{krizhevsky2012,
  title={Imagenet classification with deep convolutional neural networks},
  author={Krizhevsky, Alex and Sutskever, Ilya and Hinton, Geoffrey E},
  booktitle={Advances in neural information processing systems},
  pages={1097--1105},
  year={2012}
}
@inproceedings{jayaraman2015,
  title={Learning image representations tied to ego-motion},
  author={Jayaraman, Dinesh and Grauman, Kristen},
  booktitle={Proceedings of the IEEE International Conference on Computer Vision},
  pages={1413--1421},
  year={2015}
}
@inproceedings{misra2016,
  title={Shuffle and learn: unsupervised learning using temporal order verification},
  author={Misra, Ishan and Zitnick, C Lawrence and Hebert, Martial},
  booktitle={European Conference on Computer Vision},
  pages={527--544},
  year={2016},
  organization={Springer}
}
@article{wang2015,
  title={Unsupervised learning of visual representations using videos},
  author={Wang, Xiaolong and Gupta, Abhinav},
  journal={arXiv preprint arXiv:1505.00687},
  year={2015}
}
@inproceedings{doersch2015,
  title={Unsupervised visual representation learning by context prediction},
  author={Doersch, Carl and Gupta, Abhinav and Efros, Alexei A},
  booktitle={Proceedings of the IEEE International Conference on Computer Vision},
  pages={1422--1430},
  year={2015}
}
@inproceedings{lee2017,
  title={Unsupervised representation learning by sorting sequences},
  author={Lee, Hsin-Ying and Huang, Jia-Bin and Singh, Maneesh and Yang, Ming-Hsuan},
  booktitle={2017 IEEE International Conference on Computer Vision (ICCV)},
  pages={667--676},
  year={2017},
  organization={IEEE}
}
@inproceedings{fernando2017,
  title={Self-supervised video representation learning with odd-one-out networks},
  author={Fernando, Basura and Bilen, Hakan and Gavves, Efstratios and Gould, Stephen},
  booktitle={2017 IEEE Conference on Computer Vision and Pattern Recognition (CVPR)},
  pages={5729--5738},
  year={2017},
  organization={IEEE}
}
@inproceedings{noroozi2016,
  title={Unsupervised learning of visual representations by solving jigsaw puzzles},
  author={Noroozi, Mehdi and Favaro, Paolo},
  booktitle={European Conference on Computer Vision},
  pages={69--84},
  year={2016},
  organization={Springer}
}
@inproceedings{zhou2017,
  title={Unsupervised learning of depth and ego-motion from video},
  author={Zhou, Tinghui and Brown, Matthew and Snavely, Noah and Lowe, David G},
  booktitle={CVPR},
  volume={2},
  number={6},
  pages={7},
  year={2017}
}
@article{krahenbuhl2015,
  title={Data-dependent initializations of convolutional neural networks},
  author={Kr{\"a}henb{\"u}hl, Philipp and Doersch, Carl and Donahue, Jeff and Darrell, Trevor},
  journal={arXiv preprint arXiv:1511.06856},
  year={2015}
}
@inproceedings{he2017,
  title={Mask R-CNN},
  author={He, Kaiming and Gkioxari, Georgia and Dollar, Piotr and Girshick, Ross},
  booktitle={Computer Vision (ICCV), 2017 IEEE International Conference on},
  pages={2980--2988},
  year={2017},
  organization={IEEE}
}
@inproceedings{geiger2012,
  title={Are we ready for autonomous driving? the kitti vision benchmark suite},
  author={Geiger, Andreas and Lenz, Philip and Urtasun, Raquel},
  booktitle={Computer Vision and Pattern Recognition (CVPR), 2012 IEEE Conference on},
  pages={3354--3361},
  year={2012},
  organization={IEEE}
}
@article{maddern2017,
  title={1 year, 1000 km: The Oxford RobotCar dataset},
  author={Maddern, Will and Pascoe, Geoffrey and Linegar, Chris and Newman, Paul},
  journal={The International Journal of Robotics Research},
  volume={36},
  number={1},
  pages={3--15},
  year={2017},
  publisher={SAGE Publications Sage UK: London, England}
}
@inproceedings{le2013,
  title={Building high-level features using large scale unsupervised learning},
  author={Le, Quoc V},
  booktitle={Acoustics, Speech and Signal Processing (ICASSP), 2013 IEEE International Conference on},
  pages={8595--8598},
  year={2013},
  organization={IEEE}
}
@techreport{smolensky1986,
  title={Information processing in dynamical systems: Foundations of harmony theory},
  author={Smolensky, Paul},
  year={1986},
}
%  institution={COLORADO UNIV AT BOULDER DEPT OF COMPUTER SCIENCE}
@inproceedings{jia2014,
  title={Caffe: Convolutional architecture for fast feature embedding},
  author={Jia, Yangqing and Shelhamer, Evan and Donahue, Jeff and Karayev, Sergey and Long, Jonathan and Girshick, Ross and Guadarrama, Sergio and Darrell, Trevor},
  booktitle={Proceedings of the 22nd ACM international conference on Multimedia},
  pages={675--678},
  year={2014},
  organization={ACM}
}
@article{simonyan2014,
  title={Very deep convolutional networks for large-scale image recognition},
  author={Simonyan, Karen and Zisserman, Andrew},
  journal={arXiv preprint arXiv:1409.1556},
  year={2014}
}
@inproceedings{szegedy2015,
title	= {Going Deeper with Convolutions},
author	= {Christian Szegedy and Wei Liu and Yangqing Jia and Pierre Sermanet and Scott Reed and Dragomir Anguelov and Dumitru Erhan and Vincent Vanhoucke and Andrew Rabinovich},
year	= {2015},
URL	= {http://arxiv.org/abs/1409.4842},
booktitle	= {Computer Vision and Pattern Recognition (CVPR)}
}

@inproceedings{he2016,
  title={Deep residual learning for image recognition},
  author={He, Kaiming and Zhang, Xiangyu and Ren, Shaoqing and Sun, Jian},
  booktitle={Proceedings of the IEEE conference on computer vision and pattern recognition},
  pages={770--778},
  year={2016}
}
@inproceedings{agrawal2015,
  title={Learning to see by moving},
  author={Agrawal, Pulkit and Carreira, Joao and Malik, Jitendra},
  booktitle={Computer Vision (ICCV), 2015 IEEE International Conference on},
  pages={37--45},
  year={2015},
  organization={IEEE}
}
